@online{wik,
	author = {Wikipedia},
	ALTeditor = {editor},
	title = {!!!!!!!!!!!!!!!!!!!!!!!!!!!!!!!!!!!!!!!},
	date = {2010-10-23},
	url = {https://en.wikipedia.org/wiki/Drag_coefficient},
	OPTsubtitle = {subtitle},
	OPTtitleaddon = {titleaddon},
	OPTlanguage = {language},
	OPTversion = {version},
	OPTnote = {note},
	OPTorganization = {organization},
	OPTdate = {date},
	OPTmonth = {month},
	OPTyear = {year},
	OPTaddendum = {addendum},
	OPTpubstate = {pubstate},
	urldate = {2015-12-15},
}

@book{SADC,
	author = {James R. Wertz},
	title = {Spacecraft attitude determination and control},
	date = {1994},
	OPTeditor = {editor},
	OPTeditora = {editora},
	OPTeditorb = {editorb},
	OPTeditorc = {editorc},
	OPTtranslator = {translator},
	OPTannotator = {annotator},
	OPTcommentator = {commentator},
	OPTintroduction = {introduction},
	OPTforeword = {foreword},
	OPTafterword = {afterword},
	OPTsubtitle = {subtitle},
	OPTtitleaddon = {titleaddon},
	OPTmaintitle = {maintitle},
	OPTmainsubtitle = {mainsubtitle},
	OPTmaintitleaddon = {maintitleaddon},
	OPTlanguage = {language},
	OPToriglanguage = {origlanguage},
	OPTvolume = {volume},
	OPTpart = {part},
	edition = {7},
	OPTvolumes = {volumes},
	OPTseries = {series},
	OPTnumber = {number},
	OPTnote = {note},
	publisher = {KluwerAcademicPublisher},
	OPTlocation = {location},
	OPTisbn = {isbn},
	OPTchapter = {chapter},
	OPTpages = {pages},
	OPTpagetotal = {pagetotal},
	OPTaddendum = {addendum},
	OPTpubstate = {pubstate},
	OPTdoi = {doi},
	OPTeprint = {eprint},
	OPTeprintclass = {eprintclass},
	OPTeprinttype = {eprinttype},
	OPTurl = {url},
	OPTurldate = {urldate},
}

@article{ReactionWheelConfigSim,
	title = "A study of reaction wheel configurations for a 3-axis satellite attitude control",
	journal = "Advances in Space Research",
	volume = "45",
	number = "6",
	pages = "750 - 759",
	year = "2010",
	issn = "0273-1177",
	doi = "https://doi.org/10.1016/j.asr.2009.11.004",
	url = "http://www.sciencedirect.com/science/article/pii/S0273117709007078",
	author = "Zuliana Ismail and Renuganth Varatharajoo",
	keywords = "Reaction wheel, Satellite attitude control, Momentum management"
}

@article{GERLACH2006572,
	title = "LOW NOISE FIVE-AXIS MAGNETIC BEARING REACTION WHEEL",
	journal = "IFAC Proceedings Volumes",
	volume = "39",
	number = "16",
	pages = "572 - 577",
	year = "2006",
	note = "4th IFAC Symposium on Mechatronic Systems",
	issn = "1474-6670",
	doi = "https://doi.org/10.3182/20060912-3-DE-2911.00100",
	url = "http://www.sciencedirect.com/science/article/pii/S1474667015342282",
	author = "Bernd Gerlach and Markus Ehinger René Seiler",
	keywords = "Low Noise, Magnetic Bearings, Wheels, Satellite, Attitude Control, Aerospace"
}

@article{ReactConfigThesis,
	title = "LOW NOISE FIVE-AXIS MAGNETIC BEARING REACTION WHEEL",
	journal = "A Thesis Presented to University of Würzburg and	Lulea University of Technology",
	year = "2012",
	url = "http://www.diva-portal.org/smash/get/diva2:1020537/FULLTEXT02.pdf",
	author = "İbrahim Kök"
}

@article{DesatTregouet, 
	author={J. F. Trégouët and D. Arzelier and D. Peaucelle and C. Pittet and L. Zaccarian}, 
	journal={IEEE Transactions on Control Systems Technology}, 
	title={Reaction Wheels Desaturation Using Magnetorquers and Static Input Allocation}, 
	year={2015}, 
	volume={23}, 
	number={2}, 
	pages={525-539}, 
	keywords={actuators;artificial satellites;attitude control;cascade control;momentum;stability;ISS assumption;actuators;attitude control;attitude stabilization;cross-product control law solution;input-to-state assumption;low orbit satellites;magnetorquers;momentum dumping;quasi-cascade structure;reaction wheels desaturation;static input allocation;Actuators;Attitude control;Resource management;Satellites;Saturation magnetization;Torque;Wheels;Aerospace control;Lyapunov methods;attitude control;input allocation;magnetorquers;reaction wheels desaturation;reaction wheels desaturation.}, 
	doi={10.1109/TCST.2014.2326037}, 
	ISSN={1063-6536}, 
	month={March},}

@ARTICLE{DesatYang, 
	author={Y. Yang}, 
	journal={IEEE Transactions on Aerospace and Electronic Systems}, 
	title={Spacecraft Attitude and Reaction Wheel Desaturation Combined Control Method}, 
	year={2017}, 
	volume={53}, 
	number={1}, 
	pages={286-295}, 
	keywords={actuators;aircraft control;attitude control;flywheels;linear quadratic control;periodic control;time-varying systems;magnetic torque coils;periodic time-varying linear quadratic regulator design method;reaction wheel desaturation combined control method;reaction wheel momentum management;spacecraft actuators;spacecraft attitude control;Attitude control;Coils;Earth;Magnetic separation;Space vehicles;Torque;Wheels;Linear quadratic regulator (LQR);linear time-varying system;reaction wheel desaturation;reduced quaternion model;spacecraft attitude control}, 
	doi={10.1109/TAES.2017.2650158}, 
	ISSN={0018-9251}, 
	month={Feb},}